@article{augusto,
    author = "Augusto Salazar",
    title = "Nociones de la memoria del computador",
    url = "https://drive.google.com/file/d/1Tkcx4OslgDa9J8Gof7bOGkG_surhh4J9/view"
}

@article{memorias,
    title = {arquitectura de computadores-memorias},
    author = {Fing/CETP – Tecnólogo en Informática},
    publisher = {Departamento de Arquitectura-InCo-FIng},

}

@book{arquitectura,
    author = "Mg. Alfonso Aníbal Guijarro Rodríguez.
    MSc. Pedro Manuel García Arias
    MSc. Ángela Olivia Yanza Montalván",
    title = "Organización y Arquitectura de computadoras. Un enfoque práctico",
    pages = "58-59",
    series ={Editorial Académica Universitaria (Edacun) en coedición con la revista Opuntia
    Brava (ISSN 2222-081X).},
    isbn = {978-959-7225-35-5},
    year = {2018},
}

@book{disco,
    title = {Dispositivos de almacenamiento},
    author = {mheducation},
    url = {https://www.mheducation.es/bcv/guide/capitulo/8448180364.pdf},
    pages = "79-104",
}

@book{apuntes,
    title = {Apuntes de organizacion de computadores},
    author = {Manuel Garcia , Jose Maria Lopez },
    url = {https://books.google.com.co/books?id=d0IDEsqbD4wC&printsec=frontcover&dq=isbn:8483176068&hl=es&sa=X&ved=2ahUKEwjAxtWzkdXrAhUCwFkKHUPbBpAQuwUwAHoECAAQBg#v=onepage&q&f=false},
    publisher = {Universitarios eduino}
}
